
%introduction references

@article{Datta1990,
author = {Datta, Supriyo and Das, Biswajit},
doi = {10.1063/1.102730},
isbn = {00036951},
issn = {00036951},
journal = {Applied Physics Letters},
number = {7},
pages = {665--667},
pmid = {22214155},
title = {Electronic analog of the electro-optic modulator},
volume = {56},
year = {1990}
}

@article{DasSarma2000,
archivePrefix = {arXiv},
arxivId = {cond-mat/0002256},
author = {Das Sarma, S. and Fabian, J. and Hu, X. and Zuti{\'{c}}, I.},
doi = {10.1109/20.908600},
eprint = {0002256},
isbn = {0-7803-5943-7},
issn = {00189464},
journal = {IEEE Transactions on Magnetics},
keywords = {Andreev reflection,Quantum information,Semi-conductor structures,Spin coherence,Spin entanglement,Spin injection,Spin-based quantum computation,Spin-hot-spot model,Spin-polarized transport,Spintronics},
number = {5 I},
pages = {2821--2826},
primaryClass = {cond-mat},
title = {{Theoretical perspectives on spintronics and spin-polarized transport}},
volume = {36},
year = {2000}
}

@article{kreutz2003modification,
  title={Modification of ferromagnetism in semiconductors by molecular monolayers},
  author={Kreutz, TC and Gwinn, EG and Artzi, R and Naaman, R and Pizem, H and Sukenik, CN},
  journal={Applied physics letters},
  volume={83},
  number={20},
  pages={4211--4213},
  year={2003},
  publisher={AIP}
}

@article{matsukura1998transport,
  title={Transport properties and origin of ferromagnetism in {(Ga,Mn)As} },
  author={Matsukura, F and Ohno, H and Shen, A and Sugawara, Y},
  journal={Physical Review B},
  volume={57},
  number={4},
  pages={R2037},
  year={1998},
  publisher={APS}
}

@article{groot1983,
  title = {New Class of Materials: Half-Metallic Ferromagnets},
  author = {de Groot, R. A. and Mueller, F. M. and Engen, P. G. van and Buschow, K. H. J.},
  journal = {Phys. Rev. Lett.},
  volume = {50},
  issue = {25},
  pages = {2024--2027},
  numpages = {0},
  year = {1983},
  month = {Jun},
  publisher = {American Physical Society},
  doi = {10.1103/PhysRevLett.50.2024},
  url = {https://link.aps.org/doi/10.1103/PhysRevLett.50.2024}
}

@article{coey2002half,
  title={Half-metallic ferromagnetism: Example of Cr$O_2$},
  author={Coey, JMD and Venkatesan, M},
  journal={Journal of Applied Physics},
  volume={91},
  number={10},
  pages={8345--8350},
  year={2002},
  publisher={AIP}
}

@article{furdyna1988diluted,
  title={Diluted magnetic semiconductors},
  author={Furdyna, Jacek K},
  journal={Journal of Applied Physics},
  volume={64},
  number={4},
  pages={R29--R64},
  year={1988},
  publisher={AIP}
}

@article{munekata1989diluted,
  title={Diluted magnetic III-V semiconductors},
  author={Munekata, H and Ohno, H and Von Molnar, S and Segm{\"u}ller, Armin and Chang, LL and Esaki, L},
  journal={Physical Review Letters},
  volume={63},
  number={17},
  pages={1849},
  year={1989},
  publisher={APS}
}

@article{matsumoto2001room,
  title={Room-temperature ferromagnetism in transparent transition metal-doped titanium dioxide},
  author={Matsumoto, Yuji and Murakami, Makoto and Shono, Tomoji and Hasegawa, Tetsuya and Fukumura, Tomoteru and Kawasaki, Masashi and Ahmet, Parhat and Chikyow, Toyohiro and Koshihara, Shin-ya and Koinuma, Hideomi},
  journal={Science},
  volume={291},
  number={5505},
  pages={854--856},
  year={2001},
  publisher={American Association for the Advancement of Science}
}

@article{venkatesan2004thin,
  title={Thin films: unexpected magnetism in a dielectric oxide},
  author={Venkatesan, M and Fitzgerald, CB and Coey, JMD},
  journal={Nature},
  volume={430},
  number={7000},
  pages={630},
  year={2004},
  publisher={Nature Publishing Group}
}

@article{hong2006room,
  title={Room-temperature ferromagnetism observed in undoped semiconducting and insulating oxide thin films},
  author={Hong, Nguyen Hoa and Sakai, Joe and Poirot, Nathalie and Briz{\'e}, Virginie},
  journal={Physical Review B},
  volume={73},
  number={13},
  pages={132404},
  year={2006},
  publisher={APS}
}

@article{sundaresan2006ferromagnetism,
  title={Ferromagnetism as a universal feature of nanoparticles of the otherwise nonmagnetic oxides},
  author={Sundaresan, A and Bhargavi, R and Rangarajan, N and Siddesh, U and Rao, CNR},
  journal={Physical Review B},
  volume={74},
  number={16},
  pages={161306},
  year={2006},
  publisher={APS}
}

@article{yi2010ferromagnetism,
  title={Ferromagnetism in dilute magnetic semiconductors through defect engineering: Li-doped ZnO},
  author={Yi, JB and Lim, CC and Xing, GZ and Fan, HM and Van, LH and Huang, SL and Yang, KS and Huang, XL and Qin, XB and Wang, BY and others},
  journal={Physical review letters},
  volume={104},
  number={13},
  pages={137201},
  year={2010},
  publisher={APS}
}

@article{ueda2001magnetic,
  title={Magnetic and electric properties of transition-metal-doped ZnO films},
  author={Ueda, Kenji and Tabata, Hitoshi and Kawai, Tomoji},
  journal={Applied Physics Letters},
  volume={79},
  number={7},
  pages={988--990},
  year={2001},
  publisher={AIP}
}

@article{ogale2003high,
  title={High Temperature Ferromagnetism with a Giant Magnetic Moment in Transparent Co-doped Sn$O_{2-\delta}$},
  author={Ogale, SB and Choudhary, RJ and Buban, JP and Lofland, SE and Shinde, SR and Kale, SN and Kulkarni, VN and Higgins, J and Lanci, C and Simpson, JR and others},
  journal={Physical Review Letters},
  volume={91},
  number={7},
  pages={077205},
  year={2003},
  publisher={APS}
}

@article{philip2004high,
  title={High-temperature ferromagnetism in manganese-doped indium-tin oxide films},
  author={Philip, John and Theodoropoulou, Nikoleta and Berera, Geetha and Moodera, Jagadeesh S and Satpati, Biswarup},
  journal={Applied Physics Letters},
  volume={85},
  number={5},
  pages={777--779},
  year={2004},
  publisher={AIP}
}

%literature review references

@article{erskine1975calculation,
  title={Calculation of the m 23 magneto-optical absorption spectrum of ferromagnetic nickel},
  author={Erskine, James L and Stern, EA},
  journal={Physical Review B},
  volume={12},
  number={11},
  pages={5016},
  year={1975},
  publisher={APS}
}

@article{schi1987tz,
  title={tz, W. Wagner, W. Wilhelm, P. Kienle, R. Zeller, R. Frahm and G. Materlik},
  author={Schi, G},
  journal={Phys. Rev. Lett},
  volume={58},
  pages={737},
  year={1987}
}

@article{van1986experimental,
  title={Experimental proof of magnetic x-ray dichroism},
  author={van der Laan, Gerrit and Thole, Bernard T and Sawatzky, George A and Goedkoop, Jeroen B and Fuggle, John C and Esteva, Jean-Marc and Karnatak, Ramesh and Remeika, JP and Dabkowska, Hanna A},
  journal={Physical Review B},
  volume={34},
  number={9},
  pages={6529},
  year={1986},
  publisher={APS}
}

@misc{wilhelm2013magnetic,
  title={Magnetic materials probed with polarized X-ray spectroscopies},
  author={Wilhelm, Fabrice},
  year={2013},
  publisher={Taylor \& Francis}
}

@article{van2014x,
  title={X-ray magnetic circular dichroismâ€”a versatile tool to study magnetism},
  author={van der Laan, Gerrit and Figueroa, Adriana I},
  journal={Coordination Chemistry Reviews},
  volume={277},
  pages={95--129},
  year={2014},
  publisher={Elsevier}
}

@article{ohno1996ga,
  title={(Ga, Mn) As: a new diluted magnetic semiconductor based on GaAs},
  author={Ohno, H and Shen, A and Matsukura, F and Oiwa, A and Endo, A and Katsumoto, S and Iye, Y},
  journal={Applied Physics Letters},
  volume={69},
  number={3},
  pages={363--365},
  year={1996},
  publisher={AIP}
}

@article{hayashi1997magnetic,
  title={Magnetic and magnetotransport properties of new III-V diluted magnetic semiconductors: GaMnAs},
  author={Hayashi, T and Tanaka, M and Nishinaga, T and Shimada, H},
  journal={Journal of applied physics},
  volume={81},
  number={8},
  pages={4865--4867},
  year={1997},
  publisher={AIP}
}

@article{ohldag2000magnetic,
  title={Magnetic moment of Mn in the ferromagnetic semiconductor (Ga 0.98 Mn 0.02) As},
  author={Ohldag, H and Solinus, V and Hillebrecht, FU and Goedkoop, JB and Finazzi, Marco and Matsukura, F and Ohno, H},
  journal={Applied Physics Letters},
  volume={76},
  number={20},
  pages={2928--2930},
  year={2000},
  publisher={AIP}
}

@article{khalid2014ferromagnetism,
  title={Ferromagnetism and impurity band in a magnetic semiconductor: InMnP},
  author={Khalid, M and Weschke, Eugen and Skorupa, W and Helm, M and Zhou, Shengqiang},
  journal={Physical Review B},
  volume={89},
  number={12},
  pages={121301},
  year={2014},
  publisher={APS}
}

@article{scarpulla2005ferromagnetism,
  title={Ferromagnetism in $Ga_{(1-x)}Mn_{x}P$: evidence for inter-Mn exchange mediated by localized holes within a detached impurity band},
  author={Scarpulla, MA and Cardozo, BL and Farshchi, R and Oo, WM Hlaing and McCluskey, MD and Yu, KM and Dubon, OD},
  journal={Physical review letters},
  volume={95},
  number={20},
  pages={207204},
  year={2005},
  publisher={APS}
}

@article{gray2012bulk,
  title={Bulk electronic structure of the dilute magnetic semiconductor $Ga_{(1-x)}Mn_{x}As$ through hard X-ray angle-resolved photoemission},
  author={Gray, AX and Minar, Jan and Ueda, S and Stone, PR and Yamashita, Y and Fujii, J and Braun, J and Plucinski, L and Schneider, CM and Panaccione, G and others},
  journal={Nature materials},
  volume={11},
  number={11},
  pages={957},
  year={2012},
  publisher={Nature Publishing Group}
}

@article{kobayashi2014unveiling,
  title={Unveiling the impurity band induced ferromagnetism in the magnetic semiconductor (Ga, Mn) As},
  author={Kobayashi, Masaki and Muneta, Iriya and Takeda, Yukiharu and Harada, Yoshihisa and Fujimori, Atsushi and Krempask{\`y}, Juraj and Schmitt, Thorsten and Ohya, Shinobu and Tanaka, Masaaki and Oshima, Masaharu and others},
  journal={Physical Review B},
  volume={89},
  number={20},
  pages={205204},
  year={2014},
  publisher={APS}
}

@article{nemvsak2018element,
  title={Element-and momentum-resolved electronic structure of the dilute magnetic semiconductor manganese doped gallium arsenide},
  author={Nem{\v{s}}{\'a}k, Slavom{\'\i}r and Gehlmann, Mathias and Kuo, Cheng-Tai and Lin, Shih-Chieh and Schlueter, Christoph and Mlynczak, Ewa and Lee, Tien-Lin and Plucinski, Lukasz and Ebert, Hubert and Di Marco, Igor and others},
  journal={Nature communications},
  volume={9},
  number={1},
  pages={3306},
  year={2018},
  publisher={Nature Publishing Group}
}

@article{keqi2018electronic,
  title={Electronic structure of the dilute magnetic semiconductor $Ga_{(1-x)}Mn_{x}P$ from hard x-ray photoelectron spectroscopy and angle-resolved photoemission},
  author={Keqi, Armela and Gehlmann, Mathias and Conti, Giuseppina and Nem{\v{s}}{\'a}k, Slavom{\'\i}r and Rattanachata, Arunothai and Min{\'a}r, Jan and Plucinski, L and Rault, Julien E and Rueff, Jean Pascal and Scarpulla, M and others},
  journal={Physical Review B},
  volume={97},
  number={15},
  pages={155149},
  year={2018},
  publisher={APS}
}

@article{zhao2006chemical,
  title={Chemical synthesis and magnetic properties of dilute magnetic ZnTe: Cr crystals},
  author={Zhao, Lijuan and Zhang, Bei and Pang, Qi and Yang, Shihe and Zhang, Xixiang and Ge, Weikun and Wang, Jiannong},
  journal={Applied physics letters},
  volume={89},
  number={9},
  pages={092111},
  year={2006},
  publisher={AIP}
}

@article{haury1997observation,
  title={Observation of a ferromagnetic transition induced by two-dimensional hole gas in modulation-doped CdMnTe quantum wells},
  author={Haury, A and Wasiela, A and Arnoult, A and Cibert, J and Tatarenko, S and Dietl, T and d'Aubign{\'e}, Y Merle},
  journal={Physical Review Letters},
  volume={79},
  number={3},
  pages={511},
  year={1997},
  publisher={APS}
}

@article{dietl2010ten,
  title={A ten-year perspective on dilute magnetic semiconductors and oxides},
  author={Dietl, Tomasz},
  journal={Nature materials},
  volume={9},
  number={12},
  pages={965},
  year={2010},
  publisher={Nature Publishing Group}
}

@article{yang2010origin,
  title={Origin of d 0 magnetism in II-VI and III-V semiconductors by substitutional doping at anion site},
  author={Yang, Kesong and Wu, Rongqin and Shen, Lei and Feng, Yuan Ping and Dai, Ying and Huang, Baibiao},
  journal={Physical Review B},
  volume={81},
  number={12},
  pages={125211},
  year={2010},
  publisher={APS}
}

@article{coey2005donor,
  title={Donor impurity band exchange in dilute ferromagnetic oxides},
  author={Coey, JMD and Venkatesan, M and Fitzgerald, CB},
  journal={Nature materials},
  volume={4},
  number={2},
  pages={173},
  year={2005},
  publisher={Nature Publishing Group}
}

@article{philip2006carrier,
  title={Carrier-controlled ferromagnetism in transparent oxide semiconductors},
  author={Philip, J and Punnoose, A and Kim, BI and Reddy, KM and Layne, S and Holmes, JO and Satpati, B and Leclair, PR and Santos, TS and Moodera, JS},
  journal={Nature materials},
  volume={5},
  number={4},
  pages={298},
  year={2006},
  publisher={Nature Publishing Group}
}

@article{coey2008oxide,
  title={Oxide dilute magnetic semiconductorsâ€”fact or fiction?},
  author={Coey, JMD and Chambers, SA},
  journal={MRS bulletin},
  volume={33},
  number={11},
  pages={1053--1058},
  year={2008},
  publisher={Cambridge University Press}
}

@article{dietl2008origin,
  title={Origin and control of ferromagnetism in dilute magnetic semiconductors and oxides},
  author={Dietl, Tomasz},
  journal={Journal of Applied Physics},
  volume={103},
  number={7},
  pages={07D111},
  year={2008},
  publisher={AIP}
}

@article{ohtsuki2011role,
  title={role of Ti 3d Carriers in Mediating the Ferromagnetism of Co:TiO2 Anatase Thin Films},
  author={Ohtsuki, T and Chainani, A and Eguchi, Ritsuko and Matsunami, M and Takata, Y and Taguchi, M and Nishino, Y and Tamasaku, K and Yabashi, M and Ishikawa, T and others},
  journal={Physical review letters},
  volume={106},
  number={4},
  pages={047602},
  year={2011},
  publisher={APS}
}

@article{coey2005high,
  title={High-temperature ferromagnetism in dilute magnetic oxides},
  author={Coey, JMD},
  journal={Journal of applied physics},
  volume={97},
  number={10},
  pages={10D313},
  year={2005},
  publisher={AIP}
}

@article{yamada2011electrically,
  title={Electrically induced ferromagnetism at room temperature in cobalt-doped titanium dioxide},
  author={Yamada, Y and Ueno, K and Fukumura, T and Yuan, HT and Shimotani, H and Iwasa, Y and Gu, L and Tsukimoto, S and Ikuhara, Y and Kawasaki, M},
  journal={Science},
  volume={332},
  number={6033},
  pages={1065--1067},
  year={2011},
  publisher={American Association for the Advancement of Science}
}

@article{de2013structural,
  title={Structural and Magnetic Properties of Dilute Magnetic Oxide Based on Nanostructured Co-Doped Anatase TiO2 $(Ti_{(1-x)}Co_{x}O_{2-\delta})$ },
  author={de Souza, Talita E and Mesquita, Alexandre and de Zevallos, Angela O and Beron, Fanny and Pirota, Kleber R and Neves, Person P and Doriguetto, Antonio C and de Carvalho, Hugo B},
  journal={The Journal of Physical Chemistry C},
  volume={117},
  number={25},
  pages={13252--13260},
  year={2013},
  publisher={ACS Publications}
}

@article{sun2008evidence,
  title={Evidence of substitutional Co ion clusters in Zn 1- x Co x O dilute magnetic semiconductors},
  author={Sun, Zhihu and Yan, Wensheng and Zhang, Guobin and Oyanagi, Hiroyuki and Wu, Ziyu and Liu, Qinghua and Wu, Wenqing and Shi, Tongfei and Pan, Zhiyun and Xu, Pengshou and others},
  journal={Physical Review B},
  volume={77},
  number={24},
  pages={245208},
  year={2008},
  publisher={APS}
}

@article{saadaoui2016intrinsic,
  title={Intrinsic ferromagnetism in the diluted magnetic semiconductor Co:TiO 2},
  author={Saadaoui, H and Luo, X and Salman, Z and Cui, XY and Bao, NN and Bao, P and Zheng, RK and Tseng, LT and Du, YH and Prokscha, T and others},
  journal={Physical review letters},
  volume={117},
  number={22},
  pages={227202},
  year={2016},
  publisher={APS}
}

@article{krishna2015structural,
  title={Structural, optical, and magnetic properties of Fe doped In2O3 powders},
  author={Krishna, N Sai and Kaleemulla, S and Amarendra, G and Rao, N Madhusudhana and Krishnamoorthi, C and Kuppan, M and Begam, M Rigana and Reddy, D Sreekantha and Omkaram, I},
  journal={Materials Research Bulletin},
  volume={61},
  pages={486--491},
  year={2015},
  publisher={Elsevier}
}

@article{pellicer2013mesoporous,
  title={Mesoporous oxide-diluted magnetic semiconductors prepared by Co implantation in nanocast 3D-ordered $In_{2}O_{3-y}$ materials},
  author={Pellicer, Eva and Menendez, Enric and Fornell, Jordina and Nogues, Josep and Vantomme, Andre and Temst, Kristiaan and Sort, Jordi},
  journal={The Journal of Physical Chemistry C},
  volume={117},
  number={33},
  pages={17084--17091},
  year={2013},
  publisher={ACS Publications}
}

@article{farvid2013influence,
  title={Influence of the host lattice electronic structure on dilute magnetic interactions in polymorphic Cr (III)-doped In2O3 nanocrystals},
  author={Farvid, Shokouh S and Hegde, Manu and Radovanovic, Pavle V},
  journal={Chemistry of Materials},
  volume={25},
  number={2},
  pages={233--244},
  year={2013},
  publisher={ACS Publications}
}

@article{gao2007ferromagnetic,
  title={Ferromagnetic properties of bulk $Cu_{(1-x)}Mn_{x}O$ magnetic semiconductors},
  author={Gao, Kuang Hong and Li, Zhi Qing and Du, Tao and Jiang, En Yong and Li, Yang Xian},
  journal={Physical Review B},
  volume={75},
  number={17},
  pages={174444},
  year={2007},
  publisher={APS}
}

@article{paidi2019role,
  title={Role of Ce 4 f hybridization in the origin of magnetism in nanoceria},
  author={Paidi, Vinod K and Brewe, Dale L and Freeland, John W and Roberts, Charles A and van Lierop, Johan},
  journal={Physical Review B},
  volume={99},
  number={18},
  pages={180403},
  year={2019},
  publisher={APS}
}

@article{thurber2007ferromagnetism,
  title={Ferromagnetism in chemically synthesized Ce$O_2$ nanoparticles by Ni doping},
  author={Thurber, A and Reddy, KM and Shutthanandan, V and Engelhard, Mark H and Wang, C and Hays, Jason and Punnoose, Alex},
  journal={Physical Review B},
  volume={76},
  number={16},
  pages={165206},
  year={2007},
  publisher={APS}
}

@article{al2018effect,
  title={Effect of CePO4 on structural, magnetic and optical properties of ceria nanoparticles},
  author={Al Mamun, Md Abdullah and Noor, Manifa and Ullah, AKM Atique and Hossain, Md Sarowar and Abdul, Matin and Islam, Fakhrul and Hakim, MA},
  journal={Materials Research Express},
  volume={6},
  number={1},
  pages={016102},
  year={2018},
  publisher={IOP Publishing}
}

@article{skorodumova2002quantum,
  title={Quantum origin of the oxygen storage capability of ceria},
  author={Skorodumova, NV and Simak, SI and Lundqvist, Bengt I and Abrikosov, IA and Johansson, B{\"o}rje},
  journal={Physical Review Letters},
  volume={89},
  number={16},
  pages={166601},
  year={2002},
  publisher={APS}
}

@article{chang2012oxygen,
  title={Oxygen-vacancy-induced ferromagnetism in undoped $SnO_{2}$ thin films},
  author={Chang, GS and Forrest, J and Kurmaev, EZ and Morozovska, AN and Glinchuk, MD and McLeod, JA and Moewes, A and Surkova, TP and Hong, Nguyen Hoa},
  journal={Physical Review B},
  volume={85},
  number={16},
  pages={165319},
  year={2012},
  publisher={APS}
}

@article{bryan2005activation,
  title={Activation of high-TC ferromagnetism in Co2+: TiO2 and Cr3+: TiO2 nanorods and nanocrystals by grain boundary defects},
  author={Bryan, J Daniel and Santangelo, Steven A and Keveren, Sean C and Gamelin, Daniel R},
  journal={Journal of the American Chemical Society},
  volume={127},
  number={44},
  pages={15568--15574},
  year={2005},
  publisher={ACS Publications}
}

@article{choudhury2013oxygen,
  title={Oxygen vacancy and dopant concentration dependent magnetic properties of Mn doped TiO2 nanoparticle},
  author={Choudhury, Biswajit and Choudhury, Amarjyoti},
  journal={Current Applied Physics},
  volume={13},
  number={6},
  pages={1025--1031},
  year={2013},
  publisher={Elsevier}
}

@article{santara2014oxygen,
  title={Oxygen vacancy-mediated enhanced ferromagnetism in undoped and Fe-doped TiO2 nanoribbons},
  author={Santara, Batakrushna and Giri, PK and Dhara, Soumen and Imakita, Kenji and Fujii, Minoru},
  journal={Journal of Physics D: Applied Physics},
  volume={47},
  number={23},
  pages={235304},
  year={2014},
  publisher={IOP Publishing}
}

@article{fernandes2009dilute,
  title={Dilute-defect magnetism: Origin of magnetism in nanocrystalline CeO 2},
  author={Fernandes, V and Mossanek, RJO and Schio, P and Klein, JJ and De Oliveira, AJA and Ortiz, WA and Mattoso, N and Varalda, J and Schreiner, WH and Abbate, M and others},
  journal={Physical Review B},
  volume={80},
  number={3},
  pages={035202},
  year={2009},
  publisher={APS}
}

@article{hong2005role,
  title={Role of defects in tuning ferromagnetism in diluted magnetic oxide thin films},
  author={Hong, Nguyen Hoa and Sakai, Joe and Huong, Ngo Thu and Poirot, Nathalie and Ruyter, Antoine},
  journal={Physical Review B},
  volume={72},
  number={4},
  pages={045336},
  year={2005},
  publisher={APS}
}

@article{lee2002study,
  title={Study of diluted magnetic semiconductor: Co-doped ZnO},
  author={Lee, Hyeon-Jun and Jeong, Se-Young and Cho, Chae Ryong and Park, Chul Hong},
  journal={Applied Physics Letters},
  volume={81},
  number={21},
  pages={4020--4022},
  year={2002},
  publisher={AIP}
}

@article{chen2010oxygen,
  title={Oxygen vacancy dependent magnetism of CeO2 nanoparticles prepared by thermal decomposition method},
  author={Chen, Shih-Yun and Lu, Yi-Hsing and Huang, Tzu-Wen and Yan, Der-Chung and Dong, Chung-Li},
  journal={The Journal of Physical Chemistry C},
  volume={114},
  number={46},
  pages={19576--19581},
  year={2010},
  publisher={ACS Publications}
}

@article{satoh2013metastability,
  title={Metastability of anatase: size dependent and irreversible anatase-rutile phase transition in atomic-level precise titania},
  author={Satoh, Norifusa and Nakashima, Toshio and Yamamoto, Kimihisa},
  journal={Scientific reports},
  volume={3},
  pages={1959},
  year={2013},
  publisher={Nature Publishing Group}
}

@article{kaspar2006ferromagnetism,
  title={Ferromagnetism and structure of epitaxial Cr-doped anatase TiO 2 thin films},
  author={Kaspar, Tiffany C and Droubay, T and Shutthanandan, V and Heald, Steve M and Wang, Chong M and McCready, David E and Thevuthasan, Suntharampillai and Bryan, JD and Gamelin, Daniel R and Kellock, AJ and others},
  journal={Physical Review B},
  volume={73},
  number={15},
  pages={155327},
  year={2006},
  publisher={APS}
}

%Sm doped ref

@article{xiao2007sol,
  title={Sol--gel auto-combustion synthesis of samarium-doped TiO2 nanoparticles and their photocatalytic activity under visible light irradiation},
  author={Xiao, Qi and Si, Zhichun and Yu, Zhiming and Qiu, Guanzhou},
  journal={Materials Science and Engineering: B},
  volume={137},
  number={1-3},
  pages={189--194},
  year={2007},
  publisher={Elsevier}
}

@article{cao2013luminescence,
  title={Luminescence properties of Sm3+-doped TiO2 nanoparticles: Synthesis, characterization, and mechanism},
  author={Cao, Yuechan and Zhao, Zongyan and Yi, Juan and Ma, Chenshuo and Zhou, Dacheng and Wang, Rongfei and Li, Chen and Qiu, Jianbei},
  journal={Journal of Alloys and Compounds},
  volume={554},
  pages={12--20},
  year={2013},
  publisher={Elsevier}
}

@article{shi2008photocatalytic,
  title={Photocatalytic degradation of methyl orange in water by samarium-doped TiO2},
  author={Shi, Jianwen and Zheng, Jingtang and Hu, Yan and Zhao, Yucui},
  journal={Environmental Engineering Science},
  volume={25},
  number={4},
  pages={489--496},
  year={2008},
  publisher={Mary Ann Liebert, Inc. 2 Madison Avenue Larchmont, NY 10538 USA}
}

@article{hu2007photoluminescence,
  title={Photoluminescence properties of samarium-doped TiO2 semiconductor nanocrystalline powders},
  author={Hu, Lanying and Song, Hongwei and Pan, Guohui and Yan, Bin and Qin, Ruifei and Dai, Qilin and Fan, Libo and Li, Suwen and Bai, Xue},
  journal={Journal of Luminescence},
  volume={127},
  number={2},
  pages={371--376},
  year={2007},
  publisher={Elsevier}
}

@article{kiisk2005photoluminescence,
  title={Photoluminescence characterization of pure and Sm3+-doped thin metaloxide films},
  author={Kiisk, V and Sildos, I and Lange, S and Reedo, V and T{\"a}tte, T and Kirm, M and Aarik, J},
  journal={Applied Surface Science},
  volume={247},
  number={1-4},
  pages={412--417},
  year={2005},
  publisher={Elsevier}
}

@article{park2011photoluminescence,
  title={Photoluminescence of samarium-doped TiO2 nanotubes},
  author={Park, Dong Jin and Sekino, Tohru and Tsukuda, Satoshi and Hayashi, Asuka and Kusunose, Takafumi and Tanaka, Shun-Ichiro},
  journal={Journal of Solid State Chemistry},
  volume={184},
  number={10},
  pages={2695--2700},
  year={2011},
  publisher={Elsevier}
}

@article{dinkar2016sm,
  title={Sm-Doped Tio2 Nanoparticles with High Photocatalytic Activity for ARS Dye Under Visible Light Synthesized by Ultrasonic Assisted Sol-Gel Method},
  author={Dinkar, V Aware and Shridhar, S Jadhav and Madhukar, E Navgire and Anil, E Athare and Nitin, H Kolhe},
  journal={Oriental Journal of Chemistry},
  volume={32},
  number={2},
  pages={933--940},
  year={2016}
}

@article{ma2010synthesis,
  title={Synthesis and characterization of thermally stable Sm, N co-doped TiO2 with highly visible light activity},
  author={Ma, Yunfei and Zhang, Jinlong and Tian, Baozhu and Chen, Feng and Wang, Lingzhi},
  journal={Journal of Hazardous Materials},
  volume={182},
  number={1-3},
  pages={386--393},
  year={2010},
  publisher={Elsevier}
}

@article{xiang2017enhanced,
  title={Enhanced performance for planar perovskite solar cells with samarium-doped TiO2 compact electron transport layers},
  author={Xiang, Yan and Ma, Zhu and Zhuang, Jia and Lu, Honglin and Jia, Chunyang and Luo, Junsheng and Li, Haimin and Cheng, Xiaowei},
  journal={The Journal of Physical Chemistry C},
  volume={121},
  number={37},
  pages={20150--20157},
  year={2017},
  publisher={ACS Publications}
}

@article{tseng2016magnetic,
  title={Magnetic properties of Sm-doped rutile TiO2 nanorods},
  author={Tseng, Li-Ting and Luo, Xi and Li, Sean and Yi, Jiabao},
  journal={Journal of Alloys and Compounds},
  volume={687},
  pages={294--299},
  year={2016},
  publisher={Elsevier}
}

%PL ref

@article{nguyen2019electromigration,
  title={Electromigration with enhanced green emission in the titanium dioxide nanotube/graphene composite},
  author={Nguyen, Tri Tuan and Tung, Tran Thanh and Losic, Dusan and Anh, Luu Thi Lan and Nguyen, Xuan Sang and others},
  journal={Current Applied Physics},
  volume={19},
  number={10},
  pages={1082--1087},
  year={2019},
  publisher={Elsevier}
}

@article{dramicanin2014self,
  title={Self-referenced luminescence thermometry with Sm3+ doped TiO2 nanoparticles},
  author={Drami{\'c}anin, MD and Anti{\'c}, {\v{Z}} and {\'C}ulubrk, Sanja and Ahrenkiel, Scott Phillip and Nedeljkovi{\'c}, JM},
  journal={Nanotechnology},
  volume={25},
  number={48},
  pages={485501},
  year={2014},
  publisher={IOP Publishing}
}

@article{abazovic2006photoluminescence,
  title={Photoluminescence of anatase and rutile TiO2 particles},
  author={Abazovi{\'c}, Nadica D and {\v{C}}omor, Mirjana I and Drami{\'c}anin, Miroslav D and Jovanovi{\'c}, Dragana J and Ahrenkiel, S Phillip and Nedeljkovi{\'c}, Jovan M},
  journal={The Journal of Physical Chemistry B},
  volume={110},
  number={50},
  pages={25366--25370},
  year={2006},
  publisher={ACS Publications}
}

@article{peng2019photocatalytic,
  title={Photocatalytic reduction of CO2 over Sm-doped TiO2 nanoparticles},
  author={Peng, Hao and Guo, Ruitang and Lin, He},
  journal={Journal of Rare Earths},
  year={2019},
  publisher={Elsevier}
}

%magnetic references

@article{ghosh2019evidence,
  title={Evidence of oxygen and Ti vacancy induced ferromagnetism in post-annealed undoped anatase TiO2 nanocrystals: A spectroscopic analysis},
  author={Ghosh, Shyamsundar and Nambissan, PMG},
  journal={Journal of Solid State Chemistry},
  volume={275},
  pages={174--180},
  year={2019},
  publisher={Elsevier}
}

@article{tseng2016structures,
  title={Structures and properties of transition-metal-doped TiO2 nanorods},
  author={Tseng, Li-Ting and Luo, Xi and Bao, Nina and Ding, Jun and Li, Sean and Yi, Jiabao},
  journal={Materials Letters},
  volume={170},
  pages={142--146},
  year={2016},
  publisher={Elsevier}
}

@article{coey2010ferromagnetism,
  title={Ferromagnetism in defect-ridden oxides and related materials},
  author={Coey, JMD and Stamenov, P and Gunning, RD and Venkatesan, M and Paul, K},
  journal={New Journal of Physics},
  volume={12},
  number={5},
  pages={053025},
  year={2010},
  publisher={IOP Publishing}
}

@article{li2016synthesis,
  title={Synthesis, microstructure, and properties of black anatase and B phase TiO2 nanoparticles},
  author={Li, Lu and Chen, Yan and Jiao, Shihui and Fang, Zhenxing and Liu, Xu and Xu, Ye and Pang, Gangsheng and Feng, Shouhua},
  journal={Materials \& Design},
  volume={100},
  pages={235--240},
  year={2016},
  publisher={Elsevier}
}

@article{tseng2014doping,
  title={Doping concentration dependence of microstructure and magnetic behaviours in Co-doped TiO 2 nanorods},
  author={Tseng, Li-Ting and Luo, Xi and Tan, Thiam Teck and Li, Sean and Yi, Jiabao},
  journal={Nanoscale research letters},
  volume={9},
  number={1},
  pages={673},
  year={2014},
  publisher={Springer}
}

@article{zhang2016interfacial,
  title={Interfacial effect on Mn-doped TiO 2 nanoparticles: from paramagnetism to ferromagnetism},
  author={Zhang, Le and Zhu, Liping and Hu, Liang and Li, Yaguang and Song, Hui and Ye, Zhizhen},
  journal={RSC Advances},
  volume={6},
  number={62},
  pages={57403--57408},
  year={2016},
  publisher={Royal Society of Chemistry}
}